% Examples from https://verbosus.com/bibtex-style-examples.html

@Online{cicd,
  title= {CI/CD},
  url =          {https://blog.skillfactory.ru/glossary/ci-cd},
  urldate =      {2023-11-20},
  hyphenation =     {english}
}

@ARTICLE{plusci,
  author   = {Александра Соколова},
  title    = {Подходит CI/CD вашему бизнесу: плюсы и минусы конвейеров},
  journal  = {Cloud Networks},
  year     = {2021},
  url =          {https://cloudnetworks.ru/analitika/podhodit-ci-cd-vashemu-biznesu-plyusy-i-minusy-konvejerov/},
  urldate =      {2023-11-20},
  hyphenation = {english}
}

@Online{tc,
  title= {TeamCity Docs},
  url =          {https://www.jetbrains.com/help/teamcity/teamcity-documentation.html},
  urldate =      {2023-11-20},
  hyphenation =     {english}
}

@Online{gitlab,
  title= {GitLab CI Docs},
  url =          {https://docs.gitlab.com/ee/ci/},
  urldate =      {2023-11-20},
  hyphenation =     {english}
}

@Online{circle,
  title= {Circle CI Docs},
  url =          {https://circleci.com/docs/about-circleci/},
  urldate =      {2023-11-20},
  hyphenation =     {english}
}

@Online{bamboo,
  title= {Bamboo Docs},
  url =          {https://confluence.atlassian.com/bamboo/bamboo-documentation-289276551.html},
  urldate =      {2023-11-20},
  hyphenation =     {english}
}

@Online{java,
  title= {Java Docs},
  url =          {https://docs.oracle.com/en/java/},
  urldate =      {2023-11-20},
  hyphenation =     {english}
}

@Online{groovy,
  title= {Groovy Docs},
  url =          {https://groovy-lang.org/documentation.html},
  urldate =      {2023-11-20},
  hyphenation =     {english}
}

@Online{groovyvsjava,
  author   = {Victoria Puzhevich},
  title    = {Groovy vs Java: Detailed Comparison and Tips on the Language Choice},
  journal  = {SCAND},
  year     = {2020},
  url =          {https://scand.com/company/blog/groovy-vs-java/},
  urldate =      {2023-11-20},
  hyphenation = {english}
}


@Online{jenkins,
  title= {Jenkins Documentation},
  url =          {https://www.jenkins.io/doc/},
  urldate =      {2023-11-20},
  hyphenation =     {english}
}

@Online{js,
  title= {JavaScript Documentation},
  url =          {https://developer.mozilla.org/ru/docs/Web/JavaScript},
  urldate =      {2023-11-20},
  hyphenation =     {english}
}

@Online{css,
  title= {CSS Documentation},
  url =          {https://developer.mozilla.org/en-US/docs/Web/CSS},
  urldate =      {2023-11-20},
  hyphenation =     {english}
}

@Online{jelly,
  title= {Jelly Documentation},
  url =          {https://commons.apache.org/proper/commons-jelly/},
  urldate =      {2023-11-20},
  hyphenation =     {english}
}

@Online{maven,
  title= {Maven Documentation},
  url =          {https://maven.apache.org/what-is-maven.html},
  urldate =      {2023-11-20},
  hyphenation =     {english}
}

@Online{chartjs,
  title= {Chart.js Documentation},
  url =          {https://www.chartjs.org/docs/latest/},
  urldate =      {2023-11-20},
  hyphenation =     {english}
}

@article{article,
author = {Moutsatsos, Ioannis and Hossain, Imtiaz and Agarinis, Claudia and Harbinski, Fred and Abraham, Yann and Dobler, Luc and Zhang, Xian and Wilson, Christopher and Jenkins, Jeremy and Holway, Nicholas and Tallarico, John and Parker, Christian},
year = {2016},
month = {11},
pages = {1087057116679993},
title = {Jenkins-CI, an Open-Source Continuous Integration System, as a Scientific Data and Image-Processing Platform},
volume = {22},
journal = {Journal of Biomolecular Screening},
doi = {10.1177/1087057116679993}
}

@Online{atchplugin,
  title= {The architecture of Jenkins plugins},
  url =          {https://subscription.packtpub.com/book/programming/9781784390891/10/ch10lvl1sec62/the-architecture-of-jenkins-plugins},
  urldate =      {2023-11-20},
  hyphenation =     {english}
}

@Online{testing,
  title= {Тестирование ПО: суть профессии, требования и заработная плата},
  url =          {https://habr.com/ru/companies/habr_career/articles/517812/},
  urldate =      {2023-12-22},
  hyphenation =     {english}
}

@Online{blacktest,
  author   = {Ольга Панина },
  journal  = {Лаборатория качества},
  year     = {2017},
  title= {Особенности тестирования «черного ящика»},
  url =          {https://quality-lab.ru/blog/key-principles-of-black-box-testing/},
  urldate =      {2023-12-22},
  hyphenation =     {english}
}









